@article{Mbaye2023,
  author = {Mbaye DIAGNE},
  title = {ÉVOLUTION DU TAUX DE RÉUSSITE AU BACCALAURÉAT AU SÉNÉGAL DURANT 
  CES 20 DERNIÈRES ANNÉES ET LES FACTEURS AGISSANTS},
  year = {2023},
  url = {https://djiboul.org/wp-content/uploads/2023/03/Tire-a-part_13.pdf}
}

@techreport{des2021,
  author = {Direction des Études et des Statistiques},
  title = {Efficacité et efficience internes – Suivi de la cohorte 2013-2014},
  institution = {Université Cheikh Anta Diop de Dakar},
  year = {2021},
  address = {Dakar},
  note = {Rapport interne},
}

@misc{decret95,
  author = {République du Sénégal},
  howpublished = {Ministère de l’Éducation nationale},
  title = {Decret n°1995-947 portant sur organisation du baccalauréat},
  journal = {journal officiel de la République du Sénégal},
  year = {1995},
  url = {https://bo.senegalservices.sn/storage/texte_references/t-dec-portant-organisation-baccalaureat.pdf#:~:text=Les%20%C3%A9preuves%20du%20baccalaur%C3%A9at%20r%C3%A9gies%20par%20le,organis%C3%A9es%20pour%20la%20derni%C3%A8re%20fois%20en%201998.&text=En%20attendant%20la%20cr%C3%A9ation%20des%20brevets%20de,du%20decret%2087%2D914%20du%2011%20Juillet%201987.}
}
@misc{decret2000,
  author = {République du Sénégal},
  howpublished = {Ministère de l’Éducation nationale},
  title = {Decret n° 2000-586 modifiant le décret n°95-947 du 18 octobre 1995 
  portant sur organisation du baccalauréat},
  year = {2000}
}
@misc{decret2013,
  author = {République du Sénégal},
  howpublished = {Ministère de l’Éducation nationale},
  title = {Decret n° 2013-913 modifiant et complétant certaines disposition du 
  décret n°2000-586 du 20 juillet 2000 modifiant et complétant le décret n°95-947 
  du 18 octobre 1995 portant sur organisation du baccalauréat},
  year = {2001}
}
@misc{decret2019,
  author = {République du Sénégal},
  howpublished = {Ministère de l’Éducation nationale},
  title = {Decret n° 2019-645 modifiant le décret n°95-947 
  du 18 octobre 1995 portant sur organisation du baccalauréat},
  year = {2019}
}
@online{bacHistorique,
  author = {livreausenegal},
  title = {Origine du baccalaureat},
  year = {2024},
  url = {https://www.instagram.com/livresausenegal/p/C8hKo-ksWP3/?hl=fr}
}
@online{OfficeBAC,
  author = {Africa Check},
  title = {FICHE D'INFO - Baccalauréat au Sénégal : comment sont choisis les sujets},
  url = {https://africacheck.org/fr/fact-checks/fiches-dinformation/fiche-dinfo-baccalaureat-au-senegal-comment-sont-choisis-les-sujets#:~:text=Quel%20est%20le%20cadre%20juridique,2002%20portant%20organisation%20du%20Baccalaur%C3%A9at.}
}
@online{python,
  title = {site officiel de Python},
  url = {https://www.python.org/}
}
@online{pandas,
  title = {site officiel de Pandas},
  url = {https://pandas.pydata.org/}
}
@online{numpy,
  title = {site officiel de NumPy},
  url = {https://numpy.org/}
}
@online{matplotlib,
  title = {site officiel de Matplotlib},
  url = {https://matplotlib.org/}
}
@online{seaborn,
  title = {site officiel de Seaborn},
  url = {https://seaborn.pydata.org/}
}
@online{scipy,
  title = {site officiel de SciPy},
  url = {https://www.scipy.org/}
}
@online{scikitLearn,
  title = {site officiel de Scikit-learn},
  url = {https://scikit-learn.org/stable/index.html}
}
@online{statsmodels,
  title = {site officiel de Statsmodels},
  url = {https://www.statsmodels.org/stable/index.html}
}
@online{powerBI,
  title = {site officiel de Power BI},
  url = {https://powerbi.microsoft.com/fr-fr/}
}